@online{TitleLogo,
	Author = {{CallMeFrozenx}},
	Mainsubtitle = {"I believe this is all happening for a reason"},
	Maintitle = {Writing for New Media Spring '14},
	Nameaddon = {alecnovoselsky},
	Publisher = {Wordpress},
	Title = {The Nuzlocke Challenge: From Comic to Community},
	Url = {https://novonewmedia14.wordpress.com/nuzlocke/}}